%%%%%%%%%%%%%%%%%%%%%%%%%%%%%%%%% MY CITATIONS %%%%%%%%%%%%%%%%%%%%%%%%%%%%%%%%%

%%%%%%%%% CHAPTER 1 - BASICS %%%%%%%%%%

%% vsb
@book{vsb_2007,
  title={Průmyslové roboty a manipulátory},
  author={J. Skařupa},
  isbn={978-80-248-1522-0},
  year={2007},
  publisher={Ediční středisko VŠB – TUO},
}

%% robot programming methods
@online{robodkmethods,
    author    = "Alex Owen-Hill",
    title     = "The Pros and Cons of 5 Robot Programming Methods",
    url       = "https://robodk.com/blog/robot-programming-methods-pros-and-cons/",
    addendum = {Online; accessed 28-06-2021},
}

%% robot grippers 
@book{monkman_2007, place={Weinheim}, title={Robot grippers}, publisher={Wiley-VCH}, author={Monkman, Gareth J.}, year={2007}}

%% offline programming steps
@online{offlinesteps, 
    title={Robot simulation and offline programming}, 
    url={https://www.delfoi.com/delfoi-robotics/offline-programming/}, 
    journal={Delfoi robotics website},
    addendum = {Online; accessed 28-06-2021},
} 


%% fanuc handling pro manual
@manual{fanuchandling,
    title        = {SYSTEM R-30iB and R-30iB Mate HandlingTool and MATE HandlingTool Setup and Operations Manual},
    author       = {}, 
    organization = {FANUC America Corporation},
    address      = {3900 W. Hamlin Road Rochester Hills, Michigan 48309–3253},
    edition      = 8,
    year         = 2014,
}

%%%%%%%%% CHAPTER 2 - PEENING %%%%%%%%%
@patent{mannava,
  author       = {Seetharamaiah Mannava},
  title        = {On the fly laser shock peening},
  number       = 5756965,
  date         = {1998-05-26},
  holder       = {{General Electric Company}},
  type         = {patentus},
}

@article{fairland,
    author  = "B.P. Fairand et al.",
    title   = "Quantitative assessment of laser-induced stress waves generated at confined surfaces",
    year    = "1974",
    journal = "Journal of Applied Physics",
    volume  = "25",
    number  = "8",
    pages   = "431--433",
    issn = {0021-8979},
}

@article{sano,
    author  = "Y. Sano et al.",
    title   = "Residual stress improvement in metal surface by underwater laser irradiation",
    year    = "1997",
    journal = "Nuclear Instruments and Methods in Physics Research",
    volume  = "121",
    number  = "1--4",
    pages   = "432--436",
    issn = {0168-9002},
}

@Thesis{kaufman,
    author      = {Jan Kaufman},
    title       = {Influence of Laser Shock Peening on corrosion resistance and stress corrosion cracking of aluminum alloy 5083},
    type        = {mathesis}, 
    institution = {Czech Technical University},
    year        = {2018},
}

@article{saumyabrata,
    author  = "B. Saumyabrata",
    title   = "DiPOLE: a 10 J, 10 Hz cryogenic gas cooled multi-slab nanosecond Yb:YAG laser",
    year    = "2015",
    journal = "Optics Express",
    volume  = "23",
    number  = "15",
    pages   = "19542--19551",
    issn = {1094-4087},
}

@online{fanucrobot, 
    title={FANUC M-20iA/20M}, 
    url={https://www.robots.com/robots/fanuc-m-20ia-20m}, 
    journal={RobotWorx},
    addendum = {Online; accessed 02-04-2021},
} 

@manual{fanucunitmanual,
    title        = {FANUC I/O Unit-MODEL A. Connection and maintenance manual.},
    author       = {}, 
    organization = {FANUC America Corporation},
    address      = {3900 W. Hamlin Road Rochester Hills, Michigan 48309–3253},
    edition      = 4,
    month        = 4,
    year         = 2005,
}

@online{litron, 
    title={Litron LPY SERIES High and Ultra-High Energy Q-Switched Nd:YAG Lasers}, 
    url={https://litron.co.uk/wp-content/uploads/2020/11/LPY-Series-November-2020.pdf}, 
    journal={Litron lasers},
    addendum = {Online; accessed 02-04-2021},
} 


@inproceedings{smith:2016:eclws,
  author    = {Dane c.b., Hackel l.a., Daly j. and Harrison j.},
  title     = {{Great Article}},
  year      = {2016},
  maintitle = {European Conference on Life},
  booktitle = {Workshop on the Meaning of 42},
}

@article{dane_2000, title={High Power Laser for Peening of Metals Enabling Production Technology}, volume={15}, DOI={10.1080/10426910008912974}, number={1}, journal={Materials and Manufacturing Processes}, author={Dane, C. Brent and Hackel, Lloyd A. and Daly, James and Harrisson, James}, year={2000}, pages={81–96}}

%%%%%%%%% CHAPTER 2 - PEENING %%%%%%%%%%


%% Laser system for laser shock peening overview
@article{fabbro_peyre_berthe_scherpereel_1998, title={Physics and applications of laser-shock processing}, volume={10}, DOI={10.2351/1.521861}, number={6}, journal={Journal of Laser Applications}, author={Fabbro, R. and Peyre, P. and Berthe, L. and Scherpereel, X.}, year={1998}, pages={265–279}}

@article{fabbro_fournier_ballard_devaux_virmont_1990, title={Physical study of laser‐produced plasma in confined geometry}, volume={68}, DOI={10.1063/1.346783}, number={2}, journal={Journal of Applied Physics}, author={Fabbro, R. and Fournier, J. and Ballard, P. and Devaux, D. and Virmont, J.}, year={1990}, pages={775–784}}

@article{hong_wang_guo_wu_wang_dai_xia_xie_1998, title={Confining medium and absorptive overlay}, volume={29}, DOI={10.1016/s0143-8166(98)80012-2}, number={6}, journal={Optics and Lasers in Engineering}, author={Hong, Xin and Wang, Shengbo and Guo, Dahao and Wu, Hongxing and Wang, Jie and Dai, Yusheng and Xia, Xiaoping and Xie, Yanning}, year={1998}, pages={447–455}}

@article{clauer_lahrman_2001, title={Laser Shock Processing as a Surface Enhancement Process}, volume={197}, DOI={10.4028/www.scientific.net/kem.197.121}, journal={Key Engineering Materials}, author={Clauer, Allan H. and Lahrman, David F.}, year={2001}, pages={121–144}}


%% tensile stresses
@article{clauer_holbrook_fairand_1981, title={Effects of Laser Induced Shock Waves on Metals}, DOI={10.1007/978-1-4613-3219-0_38}, journal={Shock Waves and High-Strain-Rate Phenomena in Metals}, author={Clauer, Allan H. and Holbrook, John H. and Fairand, Barry P.}, year={1981}, pages={675–702}}

%% planar vs round

@article{bolger_montross_rode_1999, title={Shock waves in basalt rock generated with high-powered lasers in a confined geometry}, volume={86}, DOI={10.1063/1.371546}, number={10}, journal={Journal of Applied Physics}, author={Bolger, J. A. and Montross, C. S. and Rode, A. V.}, year={1999}, pages={5461–5466}}

%% instabilities
@article{masse_barreau_1995, title={Laser generation of stress waves in metal}, volume={70}, DOI={10.1016/0257-8972(95)80020-4}, number={2-3}, journal={Surface and Coatings Technology}, author={Masse, Jean-Eric and Barreau, Gérard}, year={1995}, pages={231–234}}

%% wavelength
@article{berthe_fabbro_peyre_bartnicki_1999, title={Wavelength dependent of laser shock-wave generation in the water-confinement regime}, volume={85}, DOI={10.1063/1.370553}, number={11}, journal={Journal of Applied Physics}, author={Berthe, L. and Fabbro, R. and Peyre, P. and Bartnicki, E.}, year={1999}, pages={7552–7555}}

%% temporal profile
@article{devaux_fabbro_tollier_bartnicki_1993, title={Generation of shock waves by laser‐induced plasma in confined geometry}, volume={74}, DOI={10.1063/1.354710}, number={4}, journal={Journal of Applied Physics}, author={Devaux, D. and Fabbro, R. and Tollier, L. and Bartnicki, E.}, year={1993}, pages={2268–2273}}

%% LSP APPLICATIONS

%% fatique strength
@article{dane_hackel_daly_harrisson_2000, title={High Power Laser for Peening of Metals Enabling Production Technology}, volume={15}, DOI={10.1080/10426910008912974}, number={1}, journal={Materials and Manufacturing Processes}, author={Dane, C. Brent and Hackel, Lloyd A. and Daly, James and Harrisson, James}, year={2000}, pages={81–96}}

%% thin sections
@article{vaccari_1992,
    author  = "Vaccari J.A.",
    title   = "Laser shocking extends fatigue life",
    year    = "1992",
    journal = "American Machinist",
    volume  = "62-–4.",
}

%% future
@article{clauer_2019, title={Laser Shock Peening, the Path to Production}, volume={9}, DOI={10.3390/met9060626}, number={6}, journal={Metals}, author={Clauer, Allan H.}, year={2019}, pages={626}}

%% Chapter 2 - peening FIGURES

%% myarticle
@article{bohm_kaufman_brajer_rostohar_2019, title={Robotic Arm Human-Machine Interface For Laser Shock Peening Applications}, volume={2019}, DOI={10.17973/mmsj.2019_12_2019115}, number={05}, journal={MM Science Journal}, author={Bohm, Marek and Kaufman, Jan and Brajer, Jan and Rostohar, Danijela}, year={2019}, pages={3643–3646}}

%%%%%%%%% DESIGN CHAPTER %%%%%%%%%%

%%%%%%%%%%%%%%%%%%%%%%%%%%%%%%%%% SAMPLE CITATIONS %%%%%%%%%%%%%%%%%%%%%%%%%%%%%%%%%
@manual{manual,
  title        = {The title of the work},
  author       = {Peter Gainsford}, 
  organization = {The organization},
  address      = {The address of the publisher},
  edition      = 3,
  month        = 7,
  year         = 1993,
  note         = {An optional note}
}

@Thesis{Duck2000a,
    author      = {Dagobert Duck},
    title       = {Seashells as Currency after the Brexit},
    type        = {diplomathesis}, % mathesis and phdthesis work here
    institution = {University of Ducktown},
    year        = {2019},
}

@patent{sorace,
  author       = {Sorace, Ronald E. and Reinhardt, Victor S. and Vaughn, Steven
                  A.},
  title        = {High-Speed Digital-to-{RF} Converter},
  number       = 5668842,
  date         = {1997-09-16},
  holder       = {{Hughes Aircraft Company}},
  type         = {patentus},
}

@article{einstein,
  author =       "Albert Einstein",
  title =        "{Zur Elektrodynamik bewegter K{\"o}rper}. ({German})
                 [{On} the electrodynamics of moving bodies]",
  journal =      "Annalen der Physik",
  volume =       "322",
  number =       "10",
  pages =        "891--921",
  year =         "1905",
  DOI =          "http://dx.doi.org/10.1002/andp.19053221004",
  keywords =     "physics"
}

@book{dirac,
  title={The Principles of Quantum Mechanics},
  author={Paul Adrien Maurice Dirac},
  isbn={9780198520115},
  series={International series of monographs on physics},
  year={1981},
  publisher={Clarendon Press},
  keywords = {physics}
}

@book{latexcompanion,
    author    = "Michel Goossens and Frank Mittelbach and Alexander Samarin",
    title     = "The \LaTeX\ Companion",
    year      = "1993",
    publisher = "Addison-Wesley",
    address   = "Reading, Massachusetts",
    keywords  = "latex"
}
 
@online{knuthwebsite,
    author    = "Donald Knuth",
    title     = "Knuth: Computers and Typesetting",
    url       = "http://www-cs-faculty.stanford.edu/~uno/abcde.html",
    keywords  = "latex,knuth"
}

@inbook{knuth-fa,
   author = "Donald E. Knuth",
   title = "Fundamental Algorithms",
   publisher = "Addison-Wesley",
   year = "1973",
   chapter = "1.2",
   keywords  = "knuth,programming"
}

@book{knuth-acp,
   author = "Donald E. Knuth",
   publisher = "Addison-Wesley",
   title = "The Art of Computer Programming",
   series = "Four volumes",
   year = "1968",
   note = "Seven volumes planned",
   keywords  = "knuth,programming"
}

@article{ctan,
    author  = "George D. Greenwade",
    title   = "The {C}omprehensive {T}ex {A}rchive {N}etwork ({CTAN})",
    year    = "1993",
    journal = "TUGBoat",
    volume  = "14",
    number  = "3",
    pages   = "342--351",
    keywords  = "latex"
}